@INPROCEEDINGS{Lauretto:06,
  author={Marcelo S. Lauretto},
  booktitle={}, 
  title={Árvores de Decisão, EACH-USP}, 
  year={2006},
  volume={},
  number={},
  pages={},
  doi={EACH-USP}}
  
@INPROCEEDINGS{Friedman:99,
  author={Jerome H. Friedman},
  booktitle={}, 
  title={Stochastic Gradient Boosting}, 
  year={1999},
  volume={},
  number={},
  pages={},
  doi={}}
  
@INPROCEEDINGS{Cerri:06,
  author={Ricardo Cerri, André Carlos Ponce de Leon Ferreira de Carvalho},
  booktitle={}, 
  title={Aprendizado de Máquina: Breve Introdução e Aplicações, USP}, 
  year={2006},
  volume={},
  number={},
  pages={},
  doi={USP}}
  
@ONLINE{Base,
  author = "Rounak Banik",
  title = "The Complete Pokemon Database",
  url = "https://www.kaggle.com/datasets/rounakbanik/pokemon"
}

@ONLINE{ID3,
  author = "Yaser Sakkaf",
  title = "Decision Trees: ID3 Algorithm Explained",
  url = "https://towardsdatascience.com/decision-trees-for-classification-id3-algorithm-explained-89df76e72df1"
}

@ONLINE{C45,
  author = "Sumit Saha",
  title = "What is the C4.5 algorithm and how does it work?",
  url = "https://towardsdatascience.com/what-is-the-c4-5-algorithm-and-how-does-it-work-2b971a9e7db0"
}

@ONLINE{Matplotlib,
  title = "Matplotlib 3.5.2 documentation",
  url = "https://matplotlib.org/stable/index.html"
}

@ONLINE{pandas,
  title = "pandas documentation",
  url = "https://pandas.pydata.org/pandas-docs/stable/#pandas-documentation"
}

@ONLINE{CART,
  author = "Bhumika Dutta",
  title = "A Classification and Regression Tree (CART) Algorithm",
  url = "https://www.analyticssteps.com/blogs/classification-and-regression-tree-cart-algorithm"
}

@ONLINE{CV,
  title = "Validação cruzada",
  url = "https://docs.aws.amazon.com/pt_br/machine-learning/latest/dg/cross-validation.html#:~:text=Valida\%C3\%A7\%C3\%A3o\%20cruzada\%20\%C3\%A9\%20uma\%20t\%C3\%A9cnica,n\%C3\%A3o\%20generaliza\%C3\%A7\%C3\%A3o\%20de\%20um\%20padr\%C3\%A3o."
}

@ONLINE{Overfitting,
  author = "Henrique Branco",
  title = "Overfitting e underfitting em Machine Learning",
  url = "https://abracd.org/overfitting-e-underfitting-em-machine-learning/"
}
  
 @ONLINE{APRENDIZADO1,
  title={Machine Learning - O que é e qual sua importância},
   howpublished = "\url{https://www.sas.com/pt_br/insights/analytics/machine-learning.html}",
  note = "[Online]"
}


@INPROCEEDINGS{Arvore1,
  author={Paola Guarisso Crepaldi, Renato Nogueira Perez Avila, Jaqueline Paula M. de Oliveira, Paulo
Ricardo Rodrigues, Renan Lucio Martins},
  booktitle={}, 
  title={UM ESTUDO SOBRE A ÁRVORE DE DECISAO E SUA IMPORTANCIA NA
HABILIDADE DE APRENDIZADO }, 
  year={},
  volume={},
  number={},
  pages={},
  doi={}}
  
  @article{breiman2001random,
  title={Random forests},
  author={Breiman, Leo},
  journal={Machine learning},
  volume={45},
  number={1},
  pages={5--32},
  year={2001},
  publisher={Springer}
}

@article{athey2019generalized,
  title={Generalized random forests},
  author={Athey, Susan and Tibshirani, Julie and Wager, Stefan},
  journal={The Annals of Statistics},
  volume={47},
  number={2},
  pages={1148--1178},
  year={2019},
  publisher={Institute of Mathematical Statistics}
}
